<record><leader>00000cas a2200000 a 4500</leader><controlfield tag="001">15248832</controlfield><controlfield tag="008">870227d191u1943iluwr ne      0   a0eng c</controlfield><datafield ind1=" " ind2=" " tag="010"><subfield code="a">sn 87082276 </subfield></datafield><datafield ind1=" " ind2=" " tag="040"><subfield code="a">NPV</subfield><subfield code="b">eng</subfield><subfield code="c">NPV</subfield><subfield code="d">NVF</subfield><subfield code="d">OCLCQ</subfield><subfield code="d">NVF</subfield><subfield code="d">OCLCQ</subfield><subfield code="d">NVF</subfield><subfield code="d">OCLCO</subfield></datafield><datafield ind1="1" ind2=" " tag="029"><subfield code="a">AU@</subfield><subfield code="b">000025496331</subfield></datafield><datafield ind1=" " ind2=" " tag="042"><subfield code="a">pcc</subfield></datafield><datafield ind1=" " ind2=" " tag="043"><subfield code="a">n-us-il</subfield></datafield><datafield ind1="0" ind2="0" tag="245"><subfield code="a">Lerna weekly eagle.</subfield></datafield><datafield ind1=" " ind2=" " tag="260"><subfield code="a">Lerna, Coles County, Ill. :</subfield><subfield code="b">Adolf Sumerlin</subfield></datafield><datafield ind1=" " ind2=" " tag="300"><subfield code="a">v.</subfield></datafield><datafield ind1=" " ind2=" " tag="310"><subfield code="a">Weekly</subfield></datafield><datafield ind1="0" ind2=" " tag="362"><subfield code="a">-v. 49, no. 4 (Jan. 28, 1943).</subfield></datafield><datafield ind1=" " ind2=" " tag="500"><subfield code="a">Feb. 1928, "This supplement was edited by Thomas B. Shoaf publisher of The Shelby County Leader and Adolf Summerlin."</subfield></datafield><datafield ind1=" " ind2=" " tag="525"><subfield code="a">Vol. 39 (Feb. 1928) has supplement titled: Lincoln Anniversary.</subfield></datafield><datafield ind1=" " ind2=" " tag="588"><subfield code="a">Description based on: Vol. 27, no. 16 (Mar. 8, 1918).</subfield></datafield><datafield ind1=" " ind2="0" tag="651"><subfield code="a">Lerna (Ill.)</subfield><subfield code="v">Newspapers.</subfield></datafield><datafield ind1=" " ind2=" " tag="752"><subfield code="a">United States</subfield><subfield code="b">Illinois</subfield><subfield code="c">Coles</subfield><subfield code="d">Lerna.</subfield></datafield></record>